<?xml version="1.0" encoding="UTF-8" ?><marc:collection xmlns:marc="http://www.loc.gov/MARC21/slim" xmlns:xsi="http://www.w3.org/2001/XMLSchema-instance" xsi:schemaLocation="http://www.loc.gov/MARC21/slim http://www.loc.gov/standards/marcxml/schema/MARC21slim.xsd">
<marc:record><marc:leader>00734cam a22002057a 4500</marc:leader>
<marc:controlfield tag="005">20180821164500.0</marc:controlfield>
<marc:controlfield tag="008">180821s2010    bl            000 0 por d</marc:controlfield><marc:datafield tag="010" ind1=" " ind2=" "><marc:subfield code="a">2010313342</marc:subfield></marc:datafield><marc:datafield tag="020" ind1=" " ind2=" "><marc:subfield code="a">9788535916553</marc:subfield></marc:datafield><marc:datafield tag="040" ind1=" " ind2=" "><marc:subfield code="a">USP/SIBI</marc:subfield></marc:datafield><marc:datafield tag="041" ind1="0" ind2=" "><marc:subfield code="a">por</marc:subfield></marc:datafield><marc:datafield tag="044" ind1=" " ind2=" "><marc:subfield code="a">bl</marc:subfield></marc:datafield><marc:datafield tag="100" ind1="1" ind2=" "><marc:subfield code="a">Arrigucci Junior, Davi</marc:subfield></marc:datafield><marc:datafield tag="245" ind1="1" ind2="2"><marc:subfield code="a">O guardador de segredos</marc:subfield><marc:subfield code="b">ensaios</marc:subfield></marc:datafield><marc:datafield tag="260" ind1=" " ind2=" "><marc:subfield code="a">Sao Paulo, SP</marc:subfield><marc:subfield code="b">Companhia das Letras</marc:subfield><marc:subfield code="c">2010</marc:subfield></marc:datafield><marc:datafield tag="500" ind1=" " ind2=" "><marc:subfield code="a">Índice Onomástico</marc:subfield></marc:datafield><marc:datafield tag="650" ind1=" " ind2="7"><marc:subfield code="a">ENSAIO LITERÁRIO</marc:subfield><marc:subfield code="y">Século 20</marc:subfield><marc:subfield code="z">BRASIL</marc:subfield><marc:subfield code="2">larpcal</marc:subfield></marc:datafield><marc:datafield tag="650" ind1=" " ind2="7"><marc:subfield code="a">CRÍTICA LITERÁRIA</marc:subfield><marc:subfield code="2">larpcal</marc:subfield></marc:datafield><marc:datafield tag="945" ind1=" " ind2=" "><marc:subfield code="a">P</marc:subfield><marc:subfield code="b">MONOGRAFIA/LIVRO</marc:subfield><marc:subfield code="c">06</marc:subfield><marc:subfield code="j">2010</marc:subfield><marc:subfield code="l">NACIONAL</marc:subfield></marc:datafield><marc:datafield tag="946" ind1=" " ind2=" "><marc:subfield code="a">ARRIGUCCI JUNIOR, DAVI</marc:subfield><marc:subfield code="b">27257</marc:subfield><marc:subfield code="e">FFLCH</marc:subfield><marc:subfield code="f">FAC DE FILOSOFIA, LETRAS E CIÊNCIAS HUMANAS</marc:subfield><marc:subfield code="i">RDIDP</marc:subfield><marc:subfield code="j">DOC APOS</marc:subfield><marc:subfield code="k">PROFESSOR TITULAR</marc:subfield><marc:subfield code="l">83</marc:subfield><marc:subfield code="m">19960420</marc:subfield><marc:subfield code="n">20501231</marc:subfield></marc:datafield></marc:record>
</marc:collection>
